@MISC{WikiGameOfLife,
	HOWPUBLISHED = "\url{https://es.wikipedia.org/wiki/Juego_de_la_vida}",
	AUTHOR = "Wikipedia",
	TITLE = "Juego de la Vida",
	NOTE = "Explicaci\'on del Juego de la Vida"
}

@MISC{WikiBareMetal,
	HOWPUBLISHED = "\url{https://en.wikipedia.org/wiki/Bare_machine}",
	AUTHOR = "Wikipedia",
	TITLE = "Bare Machine",
	NOTE = "Explicaci\'on b√°sica de programaci\'on en Bare metal"
}

@MISC{BalauBareMetal1,
	HOWPUBLISHED = "\url{https://balau82.wordpress.com/2010/02/14/simplest-bare-metal-program-for-arm/}",
	AUTHOR = "Balau",
	TITLE = "Simplest bare metal program for ARM",
	NOTE = "Primer acercamiento al problema. De aqu\'i se pueden descargar las herramientas que se utilizaran para desarrollar el trabajo"
}

@MISC{Makefile,
	HOWPUBLISHED = "\url{http://www.cs.colby.edu/maxwell/courses/tutorials/maketutor/}",
	TITLE = "Makefile tutorial",
}

@MISC{WikiQEMU,
	HOWPUBLISHED = "\url{https://en.wikipedia.org/wiki/QEMU}",
	AUTHOR = "Wikipedia",
	TITLE = "QEMU",
	NOTE = "Explicaci\'on de QEMU"
}

@MISC{WikiUART,
	HOWPUBLISHED = "\url{https://en.wikipedia.org/wiki/Universal_asynchronous_receiver-transmitter }",
	AUTHOR = "Wikipedia",
	TITLE = "UART",
	NOTE = "Explicaci\'on de UART"
}


@MISC{BalauBareMetal2,
	HOWPUBLISHED = "\url{https://balau82.wordpress.com/2010/12/05/using-ubuntu-arm-cross-compiler-for-bare-metal-programming/}",
	AUTHOR = "Balau",
	TITLE = "Using Ubuntu ARM cross-compiler for bare metal programming",
	NOTE = "Segundo acercamiento al problema. En este punto, ya se deber\'ian tener todas las herramientas necesarias para lograr el objetivo principal"
}


@MISC{BalauBareMetal3,
	HOWPUBLISHED = "\url{https://balau82.wordpress.com/2010/02/28/hello-world-for-bare-metal-arm-using-qemu/}",
	AUTHOR = "Balau",
	TITLE = "Hello world for bare metal ARM using QEMU"
}

@MISC{CompoteFB,
	HOWPUBLISHED = "\url{http://raspberrycompote.blogspot.com.ar/2012/12/low-level-graphics-on-raspberry-pi-part_9509.html}",
	AUTHOR = "Raspberry Compote",
	TITLE = "Low-level Graphics on Raspberry Pi",
	NOTE = "Entendimiento basico de Framebuffer"
}


@MISC{GustiFB,
	HOWPUBLISHED = "\url{https://github.com/gusc/raspberrypi/blob/master/README.md}",
	AUTHOR = "gusc",
	NOTE = "Explicacion de Framebuffer en PiZero"
}


@MISC{DwelchPiZero,
	HOWPUBLISHED = "\url{https://github.com/dwelch67/raspberrypi/tree/master/boards/pizero}",
	AUTHOR = "dwelch67",
	NOTE = "Ejemplos de prueba de Bare Metal en PiZero"
}

@MISC{DwelchReadme,
	HOWPUBLISHED = "\url{https://github.com/dwelch67/raspberrypi/blob/master/baremetal/README}",
	AUTHOR = "dwelch67",
	TITLE = "Raspberry Pi Bare Metal Readme",
	NOTE = "Explicaci\'on del boot en PiZero y algunas cosas a tener en cuenta al momento de programar en Bare Metal"
}

@MISC{RedHatLinker1,
	HOWPUBLISHED = "\url{https://access.redhat.com/documentation/en-US/Red_Hat_Enterprise_Linux/4/html/Using_ld_the_GNU_Linker/simple-example.html}",
	AUTHOR = "Red Hat",
	TITLE = "Simple Linker Script Example"
}

@MISC{RedHatLinker2,
	HOWPUBLISHED = "\url{https://access.redhat.com/documentation/en-US/Red_Hat_Enterprise_Linux/4/html/Using_ld_the_GNU_Linker/simple-commands.html}",
	AUTHOR = "Red Hat",
	TITLE = "Simple Linker Script Commands"
}


@MISC{UARTManual,
	HOWPUBLISHED = "\url{http://infocenter.arm.com/help/topic/com.arm.doc.ddi0183f/DDI0183.pdf}",
	AUTHOR = "ARM",
	TITLE = "PrimeCell UART (PL011) Technical Reference Manual",
	NOTE = "La secci\'on relevante a la estructura de C del trabajo es la 3.3"
}

@MISC{Mailbox,
	HOWPUBLISHED = "\url{https://github.com/raspberrypi/firmware/wiki/Mailbox-framebuffer-interface}",
	AUTHOR = "Raspberri Pi",
	TITLE = "Mailbox framebuffer interface",
}

@MISC{MailboxAccess,
	HOWPUBLISHED = "\url{https://github.com/raspberrypi/firmware/wiki/Accessing-mailboxes}",
	AUTHOR = "Raspberri Pi",
	TITLE = "Accessing mailboxes",
}

@MISC{GNUEabi,
	HOWPUBLISHED = "\url{https://www.acmesystems.it/arm9_toolchain}",
	TITLE = "Install the ARM cross compiler toolchain on your Linux Ubuntu PC",
}